<?xml version="1.0" encoding="UTF-8"?><collection xmlns="http://www.loc.gov/MARC21/slim"><record><leader>00511nam--2200181-i-4500</leader><controlfield tag="001">000046437</controlfield><controlfield tag="002">20161230</controlfield><controlfield tag="005">20161230201046</controlfield><controlfield tag="008">060222s1000------------r-----000-0-fre-d</controlfield><datafield ind1=" " ind2=" " tag="040"><subfield code="a">IFIN-HH</subfield></datafield><datafield ind1=" " ind2=" " tag="041"><subfield code="a">fre</subfield></datafield><datafield ind1=" " ind2=" " tag="080"><subfield code="a">681.787(043)</subfield></datafield><datafield ind1="1" ind2=" " tag="100"><subfield code="a">Vienot,Jean Ch</subfield></datafield><datafield ind1="1" ind2="0" tag="245"><subfield code="a">Realisation d`un periodographe optique applications a l`etude des fonctions de transparence</subfield><subfield code="b">These</subfield><subfield code="c">Jean ch. vienot</subfield></datafield><datafield ind1=" " ind2=" " tag="260"><subfield code="a">Paris</subfield><subfield code="b">Universite</subfield><subfield code="c">1960</subfield></datafield><datafield ind1=" " ind2=" " tag="300"><subfield code="a">140P</subfield></datafield><datafield ind1=" " ind2=" " tag="852"><subfield code="a">78230</subfield><subfield code="c">535</subfield></datafield><datafield ind1=" " ind2=" " tag="CAT"><subfield code="a">Sys</subfield><subfield code="c">20110126</subfield><subfield code="h">145407</subfield></datafield></record></collection>